@misc{NHGRI,
    author = "National Human Genome Research Institute (NHGRI)",
    title = "Biological Pathways Fact Sheet",
    note  = "https://www.genome.gov/27530687/biological-pathways-fact-sheet/"
}

@misc{KEGG,
    author = "KEGG",
    title = "KEGG PATHWAY Database",
    note = "http://www.genome.jp/kegg/pathway.html\"
}

@misc{ST,
    author = "Spatial Transcriptomics Research",
    title = "Spatial Transcriptomics Technology",
    note  = "http://www.spatialtranscriptomicsresearch.org/"}

@misc{JA,
        author = " Wikipedia",
        title = "JavaScript",
        note  = "https://en.wikipedia.org/wiki/JavaScript#CITEREFFlanagan2011"
}

@misc{RE,
        author = " Reactome Pathway Database",
        title = "Reactome Pathway",
        note  = "https://reactome.org/"
}

@misc{GENE,
        author = " Gene Ontology Consortium",
        title = "The Gene Ontology",
        note  = "http://www.geneontology.org/"
}
